@book{Goodfellow-et-al-2016,
title="Deep Learning",
author="Ian Goodfellow and Yoshua Bengio and Aaron Courville",
publisher="MIT Press",
note="\url{http://www.deeplearningbook.org}",
year="2016"
}

 @book{pml1Book,
 author = "Kevin P. Murphy",
 title = "Probabilistic Machine Learning: An Introduction",
 publisher = "MIT Press",
 year = 2022,
 url = "probml.ai"
}

@book{hands-on-ml,
title = "Hands-On Machine Learning with Scikit-Learn, Keras, and TensorFlow, Third Edition",
author = "Aur{\'{e}}lien G{\'{e}}nron",
publisher = "O'Reilly Media, Inc",
year = 2022
}

@misc{montufar2014,
      title="On the Number of Linear Regions of Deep Neural Networks", 
      author="Guido Mont{\'{u}}far and Razvan Pascanu and Kyunghyun Cho and Yoshua Bengio",
      year="2014",
      eprint="1402.1869",
      archivePrefix="arXiv",
      primaryClass="id='stat.ML' full_name='Machine Learning' is_active=True alt_name=None in_archive='stat' is_general=False description='Covers machine learning papers (supervised, unsupervised, semi-supervised learning, graphical models, reinforcement learning, bandits, high dimensional inference, etc.) with a statistical or theoretical grounding'"
}